@article{Gatys:1,
AUTHOR="Leon A. Gatys and Alexander S. Ecker and Matthias Bethge",
TITLE="A Neural Algorithm of Artistic Style",
YEAR="2015",
NOTE="\url{https://arxiv.org/pdf/1508.06576.pdf}",
}

@article{Ruder:1,
AUTHOR="Manuel Ruder and Alexey Dosovitskiy and Thomas Brox",
TITLE="Artistic style transfer for videos",
YEAR="2016",
NOTE="\url{https://arxiv.org/pdf/1604.08610.pdf}"
}

@article{Johnson:1,
AUTHOR="Justin Johnson and Alexandre Alahi and Li Fei-Fei",
TITLE="Perceptual Losses for Real-Time Style Transfer and Super-Resolution",
YEAR="2016",
NOTE="\url{https://arxiv.org/pdf/1603.08155.pdf}"
}

@article{Gatys:2,
AUTHOR="Leon A. Gatys and Matthias Bethge and Aaron Hertzmann and Eli Shechtman",
TITLE="Preserving Color in Neural Artistic Style Transfer",
YEAR="2016",
NOTE="\url{https://arxiv.org/pdf/1606.05897.pdf}"
}

@article{Huang:1,
AUTHOR="Xun Huang and Serge Belongie",
TITLE="Arbitrary Style Transfer in Real-time with Adaptive Instance Normalization",
YEAR="2017",
NOTE="\url{https://arxiv.org/pdf/1703.06868.pdf}"
}

@article{Huang:2,
AUTHOR="Eddie Huang and Sahil Gupta",
TITLE="Style is a Distribution of Features",
YEAR="2020",
NOTE="\url{https://arxiv.org/pdf/2007.13010v1.pdf}"
}

@article{Ulyanov:1,
AUTHOR="Dmitry Ulyanov and Andrea Vedaldi and Victor Lempitsky",
TITLE="Instance Normalization: The Missing Ingredient for Fast Stylization",
YEAR="2017",
NOTE="\url{https://arxiv.org/pdf/1607.08022.pdf}"
}


@articles{Li:1,
AUTHOR="Yanghao Li and Naiyan Wang and Jianping Shi and Jiaying Liu and Xiaodi Hou",
TITLE="Revisiting batch normalization for practical domain adaption",
YEAR="2016",
NOTE="\url{https://arxiv.org/pdf/1603.04779.pdf}"
}

@article{Li:2,
AUTHOR="Yanghao Li and Naiyan Wang and Jiaying Liu and Xiaodi Houand ",
TITLE="Demystifying Neural Style Transfer",
YEAR="2017",
NOTE="\url{https://arxiv.org/pdf/1701.01036.pdf}"
}

@article{Li:3,
AUTHOR="Chuan Li, Michael Wand",
TITLE="Combining Markov Random Fields and Convolutional Neural Networks for Image Synthesis",
YEAR="2016",
NOTE="\url{https://arxiv.org/pdf/1601.04589.pdf}"
}

@article{sun:1,
AUTHOR="Baochen Sun, Jiashi Feng, Kate Saenko",
TITLE="Return of Frustratingly Easy Domain Adaptation",
YEAR="2015",
NOTE="\url{https://arxiv.org/pdf/1511.05547.pdf}"
}

@article{Risser:1,
AUTHOR="Eric Risser, Pierre Wilmot, Connelly Barnes",
TITLE="Stable and Controllable Neural Texture Synthesis and Style Transfer Using Histogram Losses",
YEAR="2017",
NOTE="\url{https://arxiv.org/pdf/1701.08893.pdf}"
}

@manual{Coco:1,
TITLE="COCO - Common Object In Context",
AUTHOR="",
NOTE="\url{https://cocodataset.org/#home}",
YEAR="Accessed November 18, 2020"
}

@article{Zhaoyou:1,
AUTHOR="Zhaoyou Wang and Zhaoheng Guo and Sophia Lu",
TITLE="Real-time Image Style Transfer",
YEAR="2017",
NOTE="\url{http://cs229.stanford.edu/proj2017/final-reports/5244259.pdf}"
}